@inproceedings{Pepe_2012,
  doi = {10.1109/hicss.2012.589},
  url = {http://dx.doi.org/10.1109/hicss.2012.589},
  year = {2012},
  month = {jan},
  publisher = {Institute of Electrical {\&} Electronics Engineers ({IEEE})},
  author = {Alberto Pepe and Matthew S. Mayernik},
  title = {{The Use of Microblogging for Field-Based Scientific Research}},
  booktitle = {2012 45th Hawaii International Conference on System Sciences},
}
